<?xml version="1.0" encoding="UTF-8"?><record xmlns="http://www.loc.gov/MARC21/slim" xmlns:cinclude="http://apache.org/cocoon/include/1.0" xmlns:zs="http://www.loc.gov/zing/srw/">
  <leader>00489cz  a2200145n  4500</leader>
  <controlfield tag="001">n  78069323 </controlfield>
  <controlfield tag="003">DLC</controlfield>
  <controlfield tag="005">19890825145233.3</controlfield>
  <controlfield tag="008">780925n| acannaab|          |a aaa |||  </controlfield>
  <datafield tag="010" ind1=" " ind2=" ">
    <subfield code="a">n  78069323 </subfield>
  </datafield>
  <datafield tag="040" ind1=" " ind2=" ">
    <subfield code="a">DLC</subfield>
    <subfield code="c">DLC</subfield>
    <subfield code="d">DLC</subfield>
  </datafield>
  <datafield tag="100" ind1="1" ind2="0">
    <subfield code="a">Shavit, G.</subfield>
  </datafield>
  <datafield tag="400" ind1="1" ind2="0">
    <subfield code="a">Shavit, Gideon</subfield>
  </datafield>
  <datafield tag="670" ind1=" " ind2=" ">
    <subfield code="a">Energy conservation in building ... c1978 (a.e.)</subfield>
    <subfield code="b">t.p. (G. Shavit; Honeywell, inc.)</subfield>
  </datafield>
  <datafield tag="670" ind1=" " ind2=" ">
    <subfield code="a">nuc88-94069: His Direct digital controls, 1986</subfield>
    <subfield code="b">(hdg. on ICAH rept.: Shavit, Gideon; usage: Gideon Shavit)</subfield>
  </datafield>
</record>